@book{DaSilva,
  title={Geometric models for noncommutative algebras},
  author={Da Silva, Ana Cannas and Weinstein, Alan},
  volume={10},
  year={1999},
  publisher={American Mathematical Soc.}
}

@inproceedings{Homomrho,
  title={Poisson-{N}ijenhuis structures},
  author={Kosmann-Schwarzbach, Yvette and Magri, Franco},
  booktitle={Annales de l'IHP Physique th{\'e}orique},
  volume={53},
  pages={35--81},
  year={1990}
}

@article{basicconn,
  title={Representations up to homotopy of {L}ie algebroids},
  author={Abad, Camilo Arias and Crainic, Marius},
  journal={Journal f{\"u}r die reine und angewandte Mathematik (Crelles Journal)},
  volume={2012},
  number={663},
  pages={91--126},
  year={2012},
  publisher={De Gruyter}
}

@article{ELeviCivita,
  title={Riemannian geometry of {L}ie algebroids},
  author={Boucetta, Mohamed},
  journal={Journal of the Egyptian Mathematical Society},
  volume={19},
  number={1-2},
  pages={57--70},
  year={2011},
  publisher={Elsevier}
}

@article{fernandes,
  title={Lie algebroids, holonomy and characteristic classes},
  author={Fernandes, Rui Loja},
  journal={Advances in Mathematics},
  volume={170},
  number={1},
  pages={119--179},
  year={2002},
  publisher={Elsevier}
}

@article{meinrenkensplitting,
  title={Splitting theorems for {P}oisson and related structures},
  author={Bursztyn, Henrique and Lima, Hudson and Meinrenken, Eckhard},
  journal={Journal f{\"u}r die reine und angewandte Mathematik (Crelles Journal)},
  year={2017},
  publisher={De Gruyter}
}

@article{CurvedYMH,
  title={Curving {Y}ang-{M}ills-{H}iggs gauge theories},
  author={Kotov, Alexei and Strobl, Thomas},
  journal={Physical Review D},
  volume={92},
  number={8},
  pages={085032},
  year={2015},
  publisher={APS}
}

@book{hamilton,
  title={Mathematical {G}auge {T}heory},
  author={Hamilton, Mark JD},
  year={2017},
  publisher={Springer}
}

@article{octonions,
  title={A note on {K}irchhoff's theorem for almost complex spheres {I}},
  author={D{\'\i}az, L{\'a}zaro O Rodr{\'\i}guez},
  journal={arXiv preprint arXiv:1804.05794},
  year={2018}
}

@article{flatmetricconn,
  title={A note on flat metric connections with antisymmetric torsion},
  author={Agricola, Ilka and Friedrich, Thomas},
  journal={Differential Geometry and its Applications},
  volume={28},
  number={4},
  pages={480--487},
  year={2010},
  publisher={Elsevier}
}

@article{meinrenkenlie,
  title={LIE GROUPOIDS AND {L}IE ALGEBROIDS, LECTURE NOTES, FALL 2017},
  author={Meinrenken, Eckhard},
  year={2017}
}

@article{Heisenbergextension,
  title={LIE ALGEBRAS WITH AD-INVARIANT METRICS, A SURVEY-GUIDE},
  author={Ovando, GP},
  journal={Rend. Semin. Mat. Univ. Politec. Torino},
  volume={74},
  number={1},
  pages={243--268},
  year={2016}
}

@article{HeisenbergextensionProof,
  title={On the isometry groups of invariant {L}orentzian metrics on the {H}eisenberg group},
  author={del Barco, V. and Ovando, Gabriela Paola and Vittone, Francisco},
  journal={Mediterranean Journal of Mathematics},
  volume={11},
  number={1},
  pages={137--153},
  year={2014},
  publisher={Springer}
}

@article{mackenzieGeneralTheory,
  title={General {T}heory of {L}ie {G}roupoids and {A}lgebroids},
  author={Mackenzie, K.},
  journal={London Mathematical Society Lecture Note Series},
  volume={213},
  year={2005}
}

@article{parallelFrameEconn,
  title={{O}n para-{K}{\"a}hler {L}ie algebroids and contravariant pseudo-{H}essian structures},
  author={Benayadi, Sa{\"\i}d and Boucetta, Mohamed},
  journal={Mathematische Nachrichten},
  volume={292},
  number={7},
  pages={1418--1443},
  year={2019},
  publisher={Wiley Online Library}
}

@book{cohen2006quantum,
  title={Quantenmechanik (2 vol. set)},
  author={Cohen-Tannoudji, Claude and Diu, Bernard and Laloe, Frank},
  year={2009},
  publisher={Walter de Gruyter GmbH \& Co. KG}
}

@article{crainic2003integrability,
  title={Integrability of Lie brackets},
  author={Crainic, Marius and Fernandes, Rui Loja},
  journal={Annals of Mathematics},
  pages={575--620},
  year={2003},
  publisher={JSTOR}
}

@article{EichtrafoKruemmungUrspruenglich,
  title={Lie algebroid morphisms, Poisson Sigma Models, and off-shell closed gauge symmetries},
  author={Bojowald, Martin and Kotov, Alexei and Strobl, Thomas},
  journal={Journal of Geometry and Physics},
  volume={54},
  number={4},
  pages={400--426},
  year={2005},
  publisher={Elsevier}
}

@article{mayerlieAuchEichtrafoStuff,
  title={Lie algebroid {Y}ang--{M}ills with matter fields},
  author={Mayer, Christoph and Strobl, Thomas},
  journal={Journal of Geometry and Physics},
  volume={59},
  number={12},
  pages={1613--1623},
  year={2009},
  publisher={Elsevier}
}

@book{DeterminantenTheorem,
  title={An introduction to grids, graphs, and networks},
  author={Pozrikidis, Constantine},
  year={2014},
  publisher={Oxford University Press}
}

@article{Highervectorbundles,
  title={Higher vector bundles and multi-graded symplectic manifolds},
  author={Grabowski, Janusz and Rotkiewicz, Miko{\l}aj},
  journal={Journal of Geometry and Physics},
  volume={59},
  number={9},
  pages={1285--1305},
  year={2009},
  publisher={Elsevier}
}

@article{My1stpaper,
title = "Curved {Y}ang–{M}ills–{H}iggs gauge theories in the case of massless gauge bosons",
journal = "Journal of Geometry and Physics",
volume = "162",
pages = "104104",
year = "2021",
issn = "0393-0440",
doi = "https://doi.org/10.1016/j.geomphys.2021.104104",
url = "http://www.sciencedirect.com/science/article/pii/S0393044021000024",
author = "Simon-Raphael Fischer",
keywords = ", Differential geometry, High energy physics — theory, Mathematical physics",
abstract = "Alexei Kotov and Thomas Strobl have introduced a covariantized formulation of Yang–Mills–Higgs gauge theories whose main motivation was to replace the Lie algebra with Lie algebroids. This allows the introduction of a possibly non-flat connection ∇ on this bundle, after also introducing an additional 2-form ζ in the field strength. We will study this theory in the simplified situation of Lie algebra bundles, i.e. only massless gauge bosons, and we will provide a physical motivation of ζ. Moreover, we classify ∇ using the gauge invariance, resulting into that ∇ needs to be a Lie derivation law covering a pairing Ξ, as introduced by Mackenzie. There is also a field redefinition, keeping the physics invariant, but possibly changing ζ and the curvature of ∇. We are going to study whether this can lead to a classical theory, and we will realize that this has a strong correspondence to Mackenzie’s study about extending Lie algebroids with Lie algebra bundles. We show that Mackenzie’s obstruction class is also an obstruction for having non-flat connections which are not related to a flat connection using the field redefinitions. This class is related to d∇ζ, a tensor which also measures the failure of the Bianchi identity of the field strength and which is invariant under the field redefinition. This tensor will also provide hints about whether ζ can vanish after a field redefinition."
}

@book{LangeIstEsHerMitDerRaumzeit,
  title={Geometrie der Raumzeit},
  author={Oloff, Rainer},
  year={2010},
  publisher={Springer}
}

@article{blaomTangentBundleAsLieGroup,
  title={Geometric structures as deformed infinitesimal symmetries},
  author={Blaom, Anthony},
  journal={Transactions of the American Mathematical Society},
  volume={358},
  number={8},
  pages={3651--3671},
  year={2006}
}

@article{TwoQubits,
	doi = {10.1088/0305-4470/34/47/324},
	url = {https://doi.org/10.1088/0305-4470/34/47/324},
	year = 2001,
	month = {November},
	publisher = {{IOP} Publishing},
	volume = {34},
	number = {47},
	pages = {10243--10252},
	author = {R{\'{e}}my {M}osseri and {R}ossen {D}andoloff},
	title = {Geometry of entangled states, {B}loch spheres and {H}opf fibrations},
	journal = {Journal of Physics A: Mathematical and General},
	abstract = {We discuss a generalization of the standard Bloch sphere representation for a single qubit to two qubits, in the framework of Hopf fibrations of high-dimensional spheres by lower dimensional spheres. The single-qubit Hilbert space is the three-dimensional sphere S 3. The S 2 base space of a suitably oriented S 3 Hopf fibration is nothing but the Bloch sphere, while the circular fibres represent the overall qubit phase degree of freedom. For the two-qubits case, the Hilbert space is a seven-dimensional sphere S 7, which also allows for a Hopf fibration, with S 3 fibres and a S 4 base. The most striking result is that suitably oriented S 7 Hopf fibrations are entanglement sensitive. The relation with the standard Schmidt decomposition is also discussed.}
}